@article{cw,
	title={Cousework Assignment: Full Custom Design of a Digital to Analogue Converter},
	author={Timothy G. Constandinou},
	year={2016},
	publisher={Imperial College}
}

@article{cap_dac,
	title={Lecture 9: Data Converters},
	author={Timothy G. Constandinou},
	year={2016},
	publisher={Imperial College}
}

@book{dac,
  title={CMOS integrated analog-to-digital and digital-to-analog converters},
  author={Van de Plassche, Rudy J},
  volume={742},
  year={2013},
  publisher={Springer Science \& Business Media}
}
